<?xml version="1.0" encoding="UTF-8"?><collection xmlns="http://www.loc.gov/MARC21/slim"><record><leader>00514nam--2200181-i-4500</leader><controlfield tag="001">000042502</controlfield><controlfield tag="002">20161230</controlfield><controlfield tag="005">20161230201043</controlfield><controlfield tag="008">060222s1000------------r-----000-0-ger-d</controlfield><datafield ind1=" " ind2=" " tag="040"><subfield code="a">IFIN-HH</subfield></datafield><datafield ind1=" " ind2=" " tag="041"><subfield code="a">ger</subfield></datafield><datafield ind1=" " ind2=" " tag="080"><subfield code="a">538.953:539.213(043)</subfield></datafield><datafield ind1="1" ind2=" " tag="100"><subfield code="a">Spitzmann,Kurt</subfield></datafield><datafield ind1="1" ind2="0" tag="245"><subfield code="a">Ein nachweis der zeitavhangigen warmekapazitat am amorphen sio2</subfield><subfield code="b">Dissertation</subfield><subfield code="c">Kurt spitzmann</subfield></datafield><datafield ind1=" " ind2=" " tag="260"><subfield code="a">Berlin</subfield><subfield code="b">Technischen Universitat</subfield><subfield code="c">1981</subfield></datafield><datafield ind1=" " ind2=" " tag="300"><subfield code="a">164 P</subfield></datafield><datafield ind1=" " ind2=" " tag="852"><subfield code="a">49932</subfield><subfield code="c">539.2</subfield></datafield><datafield ind1=" " ind2=" " tag="CAT"><subfield code="a">Sys</subfield><subfield code="c">20121105</subfield><subfield code="h">105023</subfield></datafield></record></collection>